@article{platzhalter,
    author  = "Luca Leon Wahlen",
    title   = "Platzhaltertitel",
    year    = "2005",
    journal = "Platzhalterjournal",
    volume  = "1",
    number  = "1",
    pages   = "1-10"
}
